@article{dl,
  author =       "Aditya Kendre",
  title =        "Employing Adversarial Machine Learning and Computer Audition for Smartphone-Based Real-Time Arrhythmia Classification in Heart Sounds",
  journal =      "Linguistics Vanguard",
  year =         "in press",
  DOI =          "http://dx.doi.org/10.1002/andp.19053221004"
}

@article{ml,
  author =       "Lifang He and Aditya Kendre",
  title =        "Graph Kernel Learning for Connectome Analysis",
  journal =      "Tech Report, ICRA",
  year =         "in press",
  DOI =          "http://arxiv.org/abs/1406.2616"
}
